@inproceedings{Miers13,
    author = {Ian Miers and Christina Garman and Matthew Green and Aviel D. Rubin},
    title = {Zerocoin: Anonymous Distributed E-Cash from Bitcoin},
    booktitle = {IEEE Symposium on Security and Privacy},
    address = {San Francisco, California},
    month = {May},
    year = {2013},
    pages = {397--411}
}

@misc{Nakamoto08,
    author = {Satoshi Nakamoto},
    title = {Bitcoin: A peer-to-peer electronic cash system,‚Äù {\tt http://bitcoin.org/bitcoin.pdf}},
    year = {2008}
}

@article{Reid11,
   author = {{Reid}, F. and {Harrigan}, M.},
    title = "{An Analysis of Anonymity in the Bitcoin System}",
  journal = {ArXiv e-prints},
     year = {2011},
    month = {July},
}

@inproceedings{Percival,
    author = {Colin Percival},
    title = {STRONGER KEY DERIVATION VIA SEQUENTIAL MEMORY-HARD FUNCTIONS},
    booktitle = {Proc. BSDScan},
    pages = {1--16},
    year = {2009}
}
